<record><leader>00000cas a2200000 a 4500</leader><controlfield tag="001">33137760</controlfield><controlfield tag="008">950915d191u19uufluwr ne      0    0eng c</controlfield><datafield ind1=" " ind2=" " tag="010"><subfield code="a">sn 95026689 </subfield></datafield><datafield ind1=" " ind2=" " tag="040"><subfield code="a">FUG</subfield><subfield code="b">eng</subfield><subfield code="c">FUG</subfield><subfield code="d">OCLCQ</subfield><subfield code="d">OCLCF</subfield><subfield code="d">OCLCO</subfield></datafield><datafield ind1=" " ind2=" " tag="012"><subfield code="i">9509</subfield></datafield><datafield ind1="1" ind2=" " tag="029"><subfield code="a">AU@</subfield><subfield code="b">000025891148</subfield></datafield><datafield ind1=" " ind2=" " tag="042"><subfield code="a">pcc</subfield></datafield><datafield ind1=" " ind2=" " tag="043"><subfield code="a">n-us-fl</subfield></datafield><datafield ind1="0" ind2=" " tag="130"><subfield code="a">Hastings herald (Hastings, Fla. : 1918)</subfield></datafield><datafield ind1="1" ind2="4" tag="245"><subfield code="a">The Hastings herald.</subfield></datafield><datafield ind1="1" ind2="3" tag="246"><subfield code="a">St. Johns County herald and St. Augustine weekly record</subfield><subfield code="f">&lt;1918&gt;</subfield></datafield><datafield ind1="3" ind2=" " tag="246"><subfield code="a">Saint Johns County herald and Saint Augustine weekly record</subfield></datafield><datafield ind1=" " ind2=" " tag="260"><subfield code="a">Hastings, Fla. :</subfield><subfield code="b">Harry L. Brown</subfield></datafield><datafield ind1=" " ind2=" " tag="300"><subfield code="a">v.</subfield></datafield><datafield ind1=" " ind2=" " tag="310"><subfield code="a">Weekly</subfield></datafield><datafield ind1=" " ind2=" " tag="588"><subfield code="a">Description based on: Vol. 4, no. 36 (Aug. 9, 1918).</subfield></datafield><datafield ind1=" " ind2=" " tag="588"><subfield code="a">Latest issue consulted: Vol. 15, no. 52 (Dec. 13, 1929).</subfield></datafield><datafield ind1=" " ind2="0" tag="651"><subfield code="a">Hastings (Fla.)</subfield><subfield code="v">Newspapers.</subfield></datafield><datafield ind1=" " ind2="0" tag="651"><subfield code="a">Saint Johns County (Fla.)</subfield><subfield code="v">Newspapers.</subfield></datafield><datafield ind1=" " ind2="7" tag="655"><subfield code="a">Newspapers.</subfield><subfield code="2">fast</subfield><subfield code="0">(OCoLC)fst01423814</subfield></datafield><datafield ind1=" " ind2="7" tag="651"><subfield code="a">Florida</subfield><subfield code="z">Hastings.</subfield><subfield code="2">fast</subfield><subfield code="0">(OCoLC)fst01229024</subfield></datafield><datafield ind1=" " ind2="7" tag="651"><subfield code="a">Florida</subfield><subfield code="z">Saint Johns County.</subfield><subfield code="2">fast</subfield><subfield code="0">(OCoLC)fst01206166</subfield></datafield><datafield ind1=" " ind2=" " tag="752"><subfield code="a">United States</subfield><subfield code="b">Florida</subfield><subfield code="c">Saint Johns</subfield><subfield code="d">Hastings.</subfield></datafield><datafield ind1="0" ind2="0" tag="780"><subfield code="t">St. Johns County herald and St. Augustine weekly record</subfield><subfield code="w">(DLC)sn 95026691</subfield><subfield code="w">(OCoLC)33137762</subfield></datafield><datafield ind1=" " ind2=" " tag="850"><subfield code="a">FU</subfield></datafield></record>